<record><leader>00000cas a22000007a 4500</leader><controlfield tag="001">15810296</controlfield><controlfield tag="008">870604d183u18uupauwr ne      0    0eng d</controlfield><datafield ind1=" " ind2=" " tag="010"><subfield code="a">sn 87080311 </subfield></datafield><datafield ind1=" " ind2=" " tag="040"><subfield code="a">NPH</subfield><subfield code="b">eng</subfield><subfield code="c">NPH</subfield><subfield code="d">OCLCQ</subfield></datafield><datafield ind1=" " ind2=" " tag="042"><subfield code="a">msc</subfield></datafield><datafield ind1="0" ind2=" " tag="130"><subfield code="a">Western intelligencer (Brownsville, Pa.)</subfield></datafield><datafield ind1="1" ind2="0" tag="245"><subfield code="a">Western intelligencer.</subfield></datafield><datafield ind1=" " ind2=" " tag="260"><subfield code="a">Brownsville, Pa. :</subfield><subfield code="b">William Jackman</subfield></datafield><datafield ind1=" " ind2=" " tag="310"><subfield code="a">Weekly</subfield></datafield><datafield ind1=" " ind2=" " tag="588"><subfield code="a">Description based on: Vol. 1, no. 48 (Dec. 4, 1830).</subfield></datafield><datafield ind1=" " ind2=" " tag="752"><subfield code="a">United States</subfield><subfield code="b">Pennsylvania</subfield><subfield code="c">Fayette</subfield><subfield code="d">Brownsville.</subfield></datafield></record>